<record><leader>00000cas a2200000 i 4500</leader><controlfield tag="001">12444875</controlfield><controlfield tag="008">850830d18511852inuwr ne      0    0eng c</controlfield><datafield ind1=" " ind2=" " tag="010"><subfield code="a">sn 85048029 </subfield></datafield><datafield ind1=" " ind2=" " tag="040"><subfield code="a">NPI</subfield><subfield code="b">eng</subfield><subfield code="e">rda</subfield><subfield code="c">NPI</subfield><subfield code="d">OCLCQ</subfield><subfield code="d">IUL</subfield><subfield code="d">OCLCF</subfield></datafield><datafield ind1=" " ind2=" " tag="042"><subfield code="a">pcc</subfield></datafield><datafield ind1=" " ind2=" " tag="043"><subfield code="a">n-us-in</subfield></datafield><datafield ind1="0" ind2="4" tag="245"><subfield code="a">The Madison weekly tribune.</subfield></datafield><datafield ind1=" " ind2="1" tag="264"><subfield code="a">Madison, Ind. :</subfield><subfield code="b">Milton Gregg &amp; John G. Sering,</subfield><subfield code="c">1851-1852.</subfield></datafield><datafield ind1=" " ind2=" " tag="300"><subfield code="a">volumes :</subfield><subfield code="b">illustrations (chiefly advertisements) ;</subfield><subfield code="c">58 cm</subfield></datafield><datafield ind1=" " ind2=" " tag="310"><subfield code="a">Weekly</subfield></datafield><datafield ind1=" " ind2=" " tag="336"><subfield code="a">text</subfield><subfield code="b">txt</subfield><subfield code="2">rdacontent</subfield></datafield><datafield ind1=" " ind2=" " tag="337"><subfield code="a">unmediated</subfield><subfield code="b">n</subfield><subfield code="2">rdamedia</subfield></datafield><datafield ind1=" " ind2=" " tag="338"><subfield code="a">volume</subfield><subfield code="b">nc</subfield><subfield code="2">rdacarrier</subfield></datafield><datafield ind1="0" ind2=" " tag="362"><subfield code="a">Vol. I, no. 1 (April 12, 1851)-vol I, no. 42 (January 21, 1852).</subfield></datafield><datafield ind1=" " ind2=" " tag="500"><subfield code="a">"Under an arrangement with the Editors of the Madison Banner, the further publication of the Tribune" was suspended after Jan. 21, 1852.</subfield></datafield><datafield ind1=" " ind2=" " tag="500"><subfield code="a">"Pro-Whig."</subfield></datafield><datafield ind1=" " ind2=" " tag="500"><subfield code="a">Title from masthead.</subfield></datafield><datafield ind1=" " ind2=" " tag="500"><subfield code="a">"Devoted to politics, agriculture, mechanic arts, literature, the markets, and general intelligence."</subfield></datafield><datafield ind1=" " ind2=" " tag="580"><subfield code="a">Published also in a daily edition: The Madison daily tribune.</subfield></datafield><datafield ind1=" " ind2="0" tag="651"><subfield code="a">Madison (Ind.)</subfield><subfield code="v">Newspapers.</subfield></datafield><datafield ind1=" " ind2="0" tag="651"><subfield code="a">Jefferson County (Ind.)</subfield><subfield code="v">Newspapers.</subfield></datafield><datafield ind1=" " ind2="7" tag="651"><subfield code="a">Indiana</subfield><subfield code="z">Jefferson County.</subfield><subfield code="2">fast</subfield><subfield code="0">(OCoLC)fst01232953</subfield></datafield><datafield ind1=" " ind2="7" tag="651"><subfield code="a">Indiana</subfield><subfield code="z">Madison.</subfield><subfield code="2">fast</subfield><subfield code="0">(OCoLC)fst01237191</subfield></datafield><datafield ind1=" " ind2="7" tag="655"><subfield code="a">Newspapers.</subfield><subfield code="2">fast</subfield><subfield code="0">(OCoLC)fst01423814</subfield></datafield><datafield ind1=" " ind2=" " tag="752"><subfield code="a">United States</subfield><subfield code="b">Indiana</subfield><subfield code="c">Jefferson</subfield><subfield code="d">Madison.</subfield></datafield><datafield ind1="1" ind2=" " tag="775"><subfield code="t">Madison daily tribune</subfield><subfield code="w">(DLC)sn 85048028</subfield><subfield code="w">(OCoLC)12444887</subfield></datafield><datafield ind1="4" ind2="1" tag="856"><subfield code="u">https://access.newspaperarchive.com/us/indiana/madison/madison-weekly-tribune/</subfield></datafield></record>